<record><leader>00000cas a22000007a 4500</leader><controlfield tag="001">10346661</controlfield><controlfield tag="008">840127d18651905gauwr ne      0   a0eng d</controlfield><datafield ind1=" " ind2=" " tag="010"><subfield code="a">sn 84025808 </subfield></datafield><datafield ind1=" " ind2=" " tag="040"><subfield code="a">NPV</subfield><subfield code="b">eng</subfield><subfield code="c">NPV</subfield><subfield code="d">NPU</subfield><subfield code="d">NLG</subfield><subfield code="d">GUA</subfield><subfield code="d">OCLCQ</subfield><subfield code="d">OCLCF</subfield><subfield code="d">OCLCO</subfield></datafield><datafield ind1="1" ind2=" " tag="029"><subfield code="a">AU@</subfield><subfield code="b">000025838237</subfield></datafield><datafield ind1=" " ind2=" " tag="042"><subfield code="a">msc</subfield></datafield><datafield ind1=" " ind2=" " tag="043"><subfield code="a">n-us-ga</subfield></datafield><datafield ind1=" " ind2=" " tag="045"><subfield code="a">w6x1</subfield></datafield><datafield ind1=" " ind2=" " tag="052"><subfield code="a">3923</subfield><subfield code="b">N4</subfield></datafield><datafield ind1="0" ind2=" " tag="130"><subfield code="a">Georgia enterprise (Covington, Ga. : 1865)</subfield></datafield><datafield ind1="1" ind2="4" tag="245"><subfield code="a">The Georgia enterprise.</subfield></datafield><datafield ind1=" " ind2=" " tag="260"><subfield code="a">Covington, Ga. :</subfield><subfield code="b">Delaney and Anderson,</subfield><subfield code="c">[1865-1905]</subfield></datafield><datafield ind1=" " ind2=" " tag="300"><subfield code="a">v. ;</subfield><subfield code="c">59 cm.</subfield></datafield><datafield ind1=" " ind2=" " tag="310"><subfield code="a">Weekly</subfield></datafield><datafield ind1="1" ind2=" " tag="362"><subfield code="a">Began in 1865.</subfield></datafield><datafield ind1="0" ind2=" " tag="362"><subfield code="a">Vol. 1, no. 1 (Nov. 9, 1865)-v. 41, no. 34 (Aug. 25, 1905).</subfield></datafield><datafield ind1=" " ind2=" " tag="500"><subfield code="a">Publishers: Anderson &amp; Hawkins, &lt;1873&gt;.</subfield></datafield><datafield ind1=" " ind2=" " tag="530"><subfield code="a">Available on microfilm from the State Historical Society of Wisconsin and the University of Georgia Libraries.</subfield></datafield><datafield ind1=" " ind2="0" tag="651"><subfield code="a">Covington (Ga.)</subfield><subfield code="v">Newspapers.</subfield></datafield><datafield ind1=" " ind2="0" tag="651"><subfield code="a">Newton County (Ga.)</subfield><subfield code="v">Newspapers.</subfield></datafield><datafield ind1=" " ind2="7" tag="655"><subfield code="a">Newspapers.</subfield><subfield code="2">fast</subfield><subfield code="0">(OCoLC)fst01423814</subfield></datafield><datafield ind1=" " ind2="7" tag="651"><subfield code="a">Georgia</subfield><subfield code="z">Covington.</subfield><subfield code="2">fast</subfield><subfield code="0">(OCoLC)fst01217135</subfield></datafield><datafield ind1=" " ind2="7" tag="651"><subfield code="a">Georgia</subfield><subfield code="z">Newton County.</subfield><subfield code="2">fast</subfield><subfield code="0">(OCoLC)fst01217184</subfield></datafield><datafield ind1=" " ind2=" " tag="752"><subfield code="a">United States</subfield><subfield code="b">Georgia</subfield><subfield code="c">Newton</subfield><subfield code="d">Covington.</subfield></datafield><datafield ind1="0" ind2="5" tag="780"><subfield code="t">Covington star</subfield><subfield code="w">(DLC)sn 85027048</subfield><subfield code="w">(OCoLC)12935112</subfield></datafield><datafield ind1="0" ind2="0" tag="785"><subfield code="t">Enterprise (Covington, Ga.)</subfield><subfield code="w">(DLC)sn 89053256</subfield><subfield code="w">(OCoLC)19585362</subfield></datafield></record>